@misc{online:getting-started-load-cells,
    author =        "Sparkfun",
    title =         "Gewichtsmessung",
    url =           "https://learn.sparkfun.com/tutorials/getting-started-with-load-cells"
}
@article{doc:getting-started,
    author =        "Mouser Electronics",
    title =         "Analog-to-Digital Converter",
    url =           "https://www.mouser.com/ds/2/813/hx711_english-1022875.pdf"
}
@misc{wiki:load-cell,
    author = "{Wikipedia contributors}",
    title = "Load cell --- {Wikipedia}{,} The Free Encyclopedia",
    year = "2018",
    url = "https://en.wikipedia.org/w/index.php?title=Load_cell&oldid=851413016",
    note = "[Online; accessed 13-August-2018]"
}
@misc{ wiki:Force-sensing-resistor,
    author = "{Wikipedia contributors}",
    title = "Force-sensing resistor --- {Wikipedia}{,} The Free Encyclopedia",
    year = "2018",
    url = "https://en.wikipedia.org/w/index.php?title=Force-sensing_resistor&oldid=846591724",
    note = "[Online; accessed 13-August-2018]"
}
@misc{ wiki:Piezoelectric-sensor,
    author = "{Wikipedia contributors}",
    title = "Piezoelectric sensor --- {Wikipedia}{,} The Free Encyclopedia",
    year = "2018",
    howpublished = "\url{https://en.wikipedia.org/w/index.php?title=Piezoelectric_sensor&oldid=839026087}",
    note = "[Online; accessed 13-August-2018]"
}
@misc{online:ic880a-gateway,
    author =        "Reto Kaiser",
    title =         "ic880a Gateway",
    url =           "https://github.com/ttn-zh/ic880a-gateway/wiki"
}
@misc{online:datalink,
    author =        "Drotek Electronics",
    title =         "DataLink LoRa RN2483",
    url =           "https://drotek.com/shop/en/lora/763-data-link-lora-rn2483.html"
}
@misc{online:lorawan-security,
    author =        "The Things Network",
    title =         "LoRaWAN Security",
    url =           "https://www.thethingsnetwork.org/docs/lorawan/security.html"
}
@misc{excel:lorawan-airtime,
    title =         "LoRa(WAN) airtime calculator",
    url =           "https://docs.google.com/spreadsheets/d/1QvcKsGeTTPpr9icj4XkKXq4r2zTc2j0gsHLrnplzM3I/edit#gid=0"
}
@misc{picture:spreading-factor,
    author =        "Witekio",
    title =         "LoRa WAN spreading factor",
    url =           "https://witekio.com/wp-content/uploads/2018/01/lora-wan-spreading-factor.png"
}
@misc{picture:lorawan,
    author =        "mstanley",
    title =         "LoRa WAN",
    url =           "http://www.mstanley.co.uk/blog/wp-content/uploads/2015/11/Enabling-world-wide-mobility-for-the-IoT-image-2.jpg"
}
@misc{doc:rn2483,
    author =        "Microchip Technology Inc.",
    title =         "RN2483 LoRa Technology Module
Command Reference Userâ€™s Guide",
    url =           "http://ww1.microchip.com/downloads/en/DeviceDoc/40001784F.pdf",
    year = {2015-2017},
    page = {13, 15, 17-42}
}
@misc{doc:lora-documentation,
    author =        "Microchip Technology Inc.",
    title =         "Low-Power Long Range LoRa Technology
Transceiver Module",
    url =           "http://ww1.microchip.com/downloads/en/DeviceDoc/50002346C.pdf",
    year = {2015-2017}
}